% Encoding:UTF-8

@ARTICLE{hinton06,
AUTHOR={HINTON G. E. and SALAKHUTDINOV R. R.},
title = {{Reducing the dimensionality of data with neural networks[J]}},
journal = {Science},
year = {2006},
volume = {313},
number = {5786},
pages = {504-507}
}

@incollection{NIPS2012_4824,
title = {ImageNet Classification with Deep Convolutional Neural Networks},
author = {Alex Krizhevsky and Sutskever, Ilya and Geoffrey E. Hinton},
booktitle = {Advances in Neural Information Processing Systems 25},
editor = {F. Pereira and C. J. C. Burges and L. Bottou and K. Q. Weinberger},
pages = {1097--1105},
year = {2012},
publisher = {Curran Associates, Inc.},
url = {http://papers.nips.cc/paper/4824-imagenet-classification-with-deep-convolutional-neural-networks.pdf}
}


@inproceedings{Socher2011
author = {Richard Socher and Jeffrey Pennington and Eric H. Huang and Andrew Y. Ng and Christopher D. Manning},
title = {{Semi-Supervised Recursive Autoencoders for Predicting Sentiment Distributions}},
booktitle = {Proceedings of the 2011 Conference on Empirical Methods in Natural Language Processing (EMNLP)}, 
year = 2011
}

@inproceedings{icml11,
 title="Multimodal Deep Learning",
 author="Jiquan Ngiam and Aditya Khosla and Mingyu Kim and Juhan Nam and Honglak Lee and Andrew Y. Ng",
 booktitle = "International Conference on Machine Learning (ICML)",
 year = "2011",
 month = "June",
 address = "Bellevue, USA"
}

@article{sriv14b,
  author  = {Nitish Srivastava and Ruslan Salakhutdinov},
  title   = {Multimodal Learning with Deep Boltzmann Machines},
  journal = {Journal of Machine Learning Research},
  year    = {2014},
  volume  = {15},
  pages   = {2949-2980},
  url     = {http://jmlr.org/papers/v15/srivastava14b.html}
}

@article{DBLP,
  author    = {Eric P. Xing and
               Rong Yan and
               Alexander G. Hauptmann},
  title     = {Mining Associated Text and Images with Dual-Wing Harmoniums},
  journal   = {CoRR},
  volume    = {abs/1207.1423},
  year      = {2012},
  url       = {http://arxiv.org/abs/1207.1423},
  timestamp = {Wed, 10 Oct 2012 21:28:54 +0200},
  biburl    = {http://dblp.uni-trier.de/rec/bib/journals/corr/abs-1207-1423},
  bibsource = {dblp computer science bibliography, http://dblp.org}
}

